<?xml version="1.0" encoding="UTF-8"?><collection xmlns="http://www.loc.gov/MARC21/slim"><record><leader>00515nam--2200193-u-4500</leader><controlfield tag="001">000051334</controlfield><controlfield tag="002">20161230</controlfield><controlfield tag="005">20161230201049</controlfield><controlfield tag="008">080623s1000------------r-----000-0-eng-d</controlfield><datafield ind1=" " ind2=" " tag="020"><subfield code="a">139781860942587</subfield></datafield><datafield ind1=" " ind2=" " tag="040"><subfield code="a">IFIN-HH</subfield></datafield><datafield ind1=" " ind2=" " tag="080"><subfield code="a">535.3</subfield></datafield><datafield ind1="1" ind2=" " tag="100"><subfield code="a">Courjon,Daniel</subfield></datafield><datafield ind1="1" ind2="0" tag="245"><subfield code="a">Near-Field Microscopy and Near-Field Optics</subfield><subfield code="c">Daniel Courjon</subfield></datafield><datafield ind1=" " ind2=" " tag="260"><subfield code="a">Singapore</subfield><subfield code="b">Imperial College Press</subfield><subfield code="c">2003</subfield></datafield><datafield ind1=" " ind2=" " tag="300"><subfield code="a">317 p</subfield></datafield><datafield ind1=" " ind2="4" tag="650"><subfield code="a">Near-Field Microscopy</subfield></datafield><datafield ind1=" " ind2=" " tag="852"><subfield code="a">82019</subfield><subfield code="c">535</subfield></datafield><datafield ind1=" " ind2=" " tag="CAT"><subfield code="a">Sys</subfield><subfield code="c">20101130</subfield><subfield code="h">112747</subfield></datafield></record></collection>